@misc{1405678.PDF,
    title = {{1405678.PDF}}
}

@article{Guo20193DComparison,
    title = {{3D Printed Terahertz Rectangular Waveguides of Polystyrene and TOPAS: a Comparison}},
    year = {2019},
    journal = {Journal of Infrared, Millimeter, and Terahertz Waves},
    author = {Guo, R. and Stuebling, Eva Maria and Beltran-Mejia, F. and Ulm, D. and Kleine-Ostmann, T. and Ehrig, F. and Koch, M.},
    number = {1},
    volume = {40},
    publisher = {Journal of Infrared, Millimeter, and Terahertz Waves},
    doi = {10.1007/s10762-018-0552-9},
    issn = {18666906}
}

@techreport{BartlettASolutions,
    title = {{A "generative" model for computing electromagnetic field solutions}},
    author = {Bartlett, Ben},
    url = {https://github.com/bencbartlett/}
}

@article{Zhou2017AFeedbacks,
    title = {{A broadband reflective-type half-wave plate employing optical feedbacks}},
    year = {2017},
    journal = {Scientific Reports},
    author = {Zhou, Gaochao and Zhu, Bo and Zhao, Junming and Zhu, Guanghao and Jin, Biaobing and Feng, Yijun and Kang, Lin and Xu, Weiwei and Chen, Jian and Wu, Peiheng},
    number = {1},
    pages = {1--12},
    volume = {7},
    publisher = {Springer US},
    url = {http://dx.doi.org/10.1038/s41598-017-09561-y},
    isbn = {4159801709561},
    doi = {10.1038/s41598-017-09561-y},
    issn = {20452322},
    pmid = {28831130}
}

@article{Wu2017APlate,
    title = {{A compact broadband terahertz range quarter-wave plate}},
    year = {2017},
    journal = {arXiv},
    author = {Wu, Liang and Farid, A. and Laurita, N. J. and Mueller, T. and Armitage, N. P.},
    pages = {642--654},
    publisher = {Journal of Infrared, Millimeter, and Terahertz Waves},
    keywords = {Millimeter Wave Spectroscopy, THz waveplates, Time Domain Terahertz Spectroscopy}
}

@article{Wu2020APlate,
    title = {{A Compact Broadband Terahertz Range Quarter-Wave Plate}},
    year = {2020},
    journal = {Journal of Infrared, Millimeter, and Terahertz Waves},
    author = {Wu, Liang and Farid, A. and Laurita, N. J. and Mueller, T. and Armitage, N. P.},
    number = {6},
    pages = {642--654},
    volume = {41},
    doi = {10.1007/s10762-020-00686-2},
    issn = {18666906},
    arxivId = {arXiv:1712.08229v1},
    keywords = {Millimeter wave spectroscopy, Terahertz waveplates, Time domain terahertz spectroscopy}
}

@inproceedings{Tompson2017AcceleratingNetworks,
    title = {{Accelerating eulerian fluid simulation with convolutional networks}},
    year = {2017},
    booktitle = {34th International Conference on Machine Learning, ICML 2017},
    author = {Tompson, Jonathan and Schlachter, Kristofer and Sprechmann, Pablo and Perlin, Ken},
    pages = {5258--5267},
    volume = {7},
    publisher = {International Machine Learning Society (IMLS)},
    isbn = {9781510855144}
}

@article{Zhang2015AchromaticGrating,
    title = {{Achromatic terahertz quarter waveplate based on silicon grating}},
    year = {2015},
    journal = {Optics Express},
    author = {Zhang, Banghong and Gong, Yandong},
    number = {11},
    pages = {14897},
    volume = {23},
    doi = {10.1364/oe.23.014897},
    issn = {1094-4087}
}

@techreport{BrunoA.Olshausen2010AliasingProcesses,
    title = {{Aliasing - Sensory Processes}},
    year = {2010},
    author = {{Bruno A. Olshausen}},
    pages = {6},
    institution = {University of California},
    address = {Oakland}
}

@article{Alpha-AManual,
    title = {{Alpha-A High Resolution Dielectric, Conductivity, Impedance and Gain Phase Modular Measurement System USER's Manual}},
    url = {http://www.novocontrol.de}
}

@article{Hermann1989AND,
    title = {{AND}},
    year = {1989},
    author = {Hermann, A and Melcher, James R and Fields, Electromagnetic and Hermann, A and Melcher, James R and Fields, Electromagnetic},
    isbn = {9780132490207}
}

@unpublished{Koch2015AnleitungFortgeschrittenenpraktikum,
    title = {{Anleitung zum Fortgeschrittenenpraktikum}},
    year = {2015},
    author = {Koch, Martin and Gerhard, Marina and Sommer, Stefan},
    pages = {19},
    institution = {Philipps-Universit{\"{a}}t Marburg},
    address = {Marburg}
}

@article{Fujiwara2007AppendixConversion,
    title = {{Appendix 4 Jones – Mueller Matrix Conversion}},
    year = {2007},
    author = {Fujiwara, H},
    pages = {3--5},
    isbn = {9780470016084}
}

@article{2016Application4,
    title = {{Application Note : PMD Measurement PMD / PDL Measurement Systems ... Page 3 of 4}},
    year = {2016},
    number = {5},
    pages = {7227},
    volume = {4}
}

@article{Huang2016ApplicationPlates,
    title = {{Application of quantum control techniques to design broadband and ultra-broadband half-wave plates}},
    year = {2016},
    journal = {Journal of Physics: Conference Series},
    author = {Huang, Wei and Kyoseva, Elica},
    number = {1},
    volume = {752},
    doi = {10.1088/1742-6596/752/1/012006},
    issn = {17426596}
}

@article{Soltani2016AttenuatedScheme,
    title = {{Attenuated Total Reflection Terahertz Time-Domain Spectroscopy: Uncertainty Analysis and Reduction Scheme}},
    year = {2016},
    journal = {IEEE Transactions on Terahertz Science and Technology},
    author = {Soltani, Amin and Jahn, David and Duschek, Lennart and Castro-Camus, Enrique and Koch, Martin and Withayachumnankul, Withawat},
    doi = {10.1109/TTHZ.2015.2505909},
    issn = {2156342X},
    keywords = {Attenuated total internal reflection spectroscopy, measurement uncertainty, terahertz (THz), terahertz spectroscopy of water}
}

@article{Nordin1999BroadbandRegion,
    title = {{Broadband form birefringent quarter-wave plate for the mid-infrared wavelength region}},
    year = {1999},
    journal = {Optics Express},
    author = {Nordin, Gregory and Deguzman, Panfilo},
    number = {8},
    pages = {163},
    volume = {5},
    doi = {10.1364/oe.5.000163},
    issn = {1094-4087},
    pmid = {19399060}
}

@article{Ding2015BroadbandApproach,
    title = {{Broadband high-efficiency half-wave plate: A supercell-based plasmonic metasurface approach}},
    year = {2015},
    journal = {ACS Nano},
    author = {Ding, Fei and Wang, Zhuoxian and He, Sailing and Shalaev, Vladimir M. and Kildishev, Alexander V.},
    number = {4},
    pages = {4111--4119},
    volume = {9},
    doi = {10.1021/acsnano.5b00218},
    issn = {1936086X},
    keywords = {background-free, half-wave plate, metasurface, plasmonic antennas}
}

@article{FigureCE503Matrices,
    title = {{CE503 Rotation Matrices}},
    journal = {Writing},
    author = {Figure, Rotation Matrix},
    pages = {1--6}
}

@article{ChemicalEngineers,
    title = {{Chemical Sensors An Introduction for Scientists and Engineers}}
}

@misc{Sudharsana2010ClassicalSolutions,
    title = {{Classical Electrodynamics 3rd Ed Solutions}},
    year = {2010},
    author = {Sudharsana, V I},
    pages = {1--171}
}

@article{Gu2018ComprehensivePolarimetry,
    title = {{Comprehensive characterization of a general composite waveplate by spectroscopic Mueller matrix polarimetry}},
    year = {2018},
    journal = {Optics Express},
    author = {Gu, Honggang and Chen, Xiuguo and Shi, Yating and Jiang, Hao and Zhang, Chuanwei and Gong, Peng and Liu, Shiyuan},
    number = {19},
    pages = {25408},
    volume = {26},
    doi = {10.1364/oe.26.025408},
    issn = {1094-4087},
    pmid = {30469643}
}

@article{RosemountAnalytical2010ConductanceChemicals,
    title = {{Conductance Data For Commonly Used Chemicals}},
    year = {2010},
    author = {{Rosemount Analytical}},
    pages = {36}
}

@article{RadiometerAnalyticalSASConductivityPractice,
    title = {{Conductivity Theory and Practice}},
    author = {{Radiometer Analytical SAS}}
}

@article{Iwasaki2017ControlledScattering,
    title = {{Controlled Terahertz Birefringence in Stretched Poly(lactic acid) Films Investigated by Terahertz Time-Domain Spectroscopy and Wide-Angle X-ray Scattering}},
    year = {2017},
    journal = {Journal of Physical Chemistry B},
    author = {Iwasaki, Hotsumi and Nakamura, Madoka and Komatsubara, Nozomu and Okano, Makoto and Nakasako, Masayoshi and Sato, Harumi and Watanabe, Shinichi},
    number = {28},
    pages = {6951--6957},
    volume = {121},
    doi = {10.1021/acs.jpcb.7b04755},
    issn = {15205207},
    pmid = {28621956}
}

@book{Lauritzen2013ConvexOptimization,
    title = {{Convex optimization}},
    year = {2013},
    booktitle = {Undergraduate Convexity},
    author = {Lauritzen, Niels},
    pages = {223--251},
    isbn = {9780521833783},
    doi = {10.1142/9789814412520{\_}0010}
}

@article{Soltani2017CrystallizationAcid,
    title = {{Crystallization Caught in the Act with Terahertz Spectroscopy: Non-Classical Pathway for l-(+)-Tartaric Acid}},
    year = {2017},
    journal = {Chemistry - A European Journal},
    author = {Soltani, Amin and Gebauer, Denis and Duschek, Lennart and Fischer, Bernd M. and C{\"{o}}lfen, Helmut and Koch, Martin},
    doi = {10.1002/chem.201702218},
    issn = {15213765},
    keywords = {THz spectroscopy, cluster compounds, crystallization process, l-(+)-tartaric acid, non-classical nucleation}
}

@article{NationalInstruments2006DAQManual,
    title = {{DAQ M Series M Series User Manual NI 622x, NI 625x, and NI 628x Devices M Series User Manual}},
    year = {2006},
    author = {{National Instruments}}
}

@article{Chipman1997DecompositionMatrices,
    title = {{Decomposition of Mueller matrices}},
    year = {1997},
    journal = {Society of Photo-Optical Instrumentation {\ldots}},
    author = {Chipman, RA and Lu, SY},
    pages = {385--396},
    volume = {3120},
    url = {http://adsabs.harvard.edu/abs/1997SPIE.3120..385C},
    keywords = {depolarization, diattenuation, jones matrices, mueller matrices, polarization, retardance}
}

@article{Delaquis2018DeepEXO-200,
    title = {{Deep neural networks for energy and position reconstruction in EXO-200}},
    year = {2018},
    journal = {Journal of Instrumentation},
    author = {Delaquis, S. and Jewell, M. J. and Ostrovskiy, I. and Weber, M. and Ziegler, T. and Dalmasson, J. and Kaufman, L. J. and Richards, T. and Albert, J. B. and Anton, G. and Badhrees, I. and Barbeau, P. S. and Bayerlein, R. and Beck, D. and Belov, V. and Breidenbach, M. and Brunner, T. and Cao, G. F. and Cen, W. R. and Chambers, C. and Cleveland, B. and Coon, M. and Craycraft, A. and Cree, W. and Daniels, T. and Danilov, M. and Daugherty, S. J. and Daughhetee, J. and Davis, J. and Mesrobian-Kabakian, A. Der and Devoe, R. and Dilling, J. and Dolgolenko, A. and Dolinski, M. J. and Fairbank, W. and Farine, J. and Feyzbakhsh, S. and Fierlinger, P. and Fudenberg, D. and Gornea, R. and Gratta, G. and Hall, C. and Hansen, E. V. and Harris, D. and Hoessl, J. and Hufschmidt, P. and Hughes, M. and Iverson, A. and Jamil, A. and Johnson, A. and Karelin, A. and Koffas, T. and Kravitz, S. and Kr{\"{u}}cken, R. and Kuchenkov, A. and Kumar, K. S. and Lan, Y. and Leonard, D. S. and Li, G. S. and Li, S. and Licciardi, C. and Lin, Y. H. and Maclellan, R. and Michel, T. and Mong, B. and Moore, D. and Murray, K. and Njoya, O. and Odian, A. and Piepke, A. and Pocar, A. and Reti{\`{e}}re, F. and Robinson, A. L. and Rowson, P. C. and Schmidt, S. and Schubert, A. and Sinclair, D. and Soma, A. K. and Stekhanov, V. and Tarka, M. and Todd, J. and Tolba, T. and Veeraraghavan, V. and Vuilleumier, J. L. and Wagenpfeil, M. and Waite, A. and Watkins, J. and Wen, L. J. and Wichoski, U. and Wrede, G. and Xia, Q. and Yang, L. and Yen, Y. R. and Zeldovich, O. Ya},
    number = {8},
    month = {8},
    volume = {13},
    publisher = {Institute of Physics Publishing},
    doi = {10.1088/1748-0221/13/08/P08023},
    issn = {17480221},
    keywords = {Analysis and statistical methods, Double-beta decay detectors, Pattern recognition, cluster finding, calibration and fitting methods, Time projection chambers}
}

@article{Schumann2012DepartmentAstronomy,
    title = {{Department of physics and astronomy}},
    year = {2012},
    journal = {Group},
    author = {Schumann, Aicko Yves},
    pages = {3--5},
    keywords = {beinhaltet die arbeit, der arbeit zun{\"{a}}chst nicht, erfassung und strukturierung, obwohl es der titel, vermuten l{\"{a}}sst}
}

@article{Wild2013DepartmentBy,
    title = {{Department of Physics and Astronomy submitted by}},
    year = {2013},
    author = {Wild, Esther},
    number = {December}
}

@article{2019DepartmentALICE,
    title = {{Department of Physics and Astronomy University of Heidelberg Study of the nuclear modi cation factor of charged particles in Pb-Pb and Xe-Xe collisions with ALICE}},
    year = {2019}
}

@article{Ciupek2019DepartmentAt,
    title = {{Department of Physics and Astronomy University of Heidelberg submitted by Electrons from semi-leptonic decays of heavy- avour hadrons at mid-rapidity and low transverse momenta in pp collisions at}},
    year = {2019},
    author = {Ciupek, Michael Rudolf}
}

@article{Hernandez-Serrano2019DesignControl,
    title = {{Design and fabrication of 3-D printed conductive polymer structures for THz polarization control}},
    year = {2019},
    journal = {Optics Express},
    author = {Hernandez-Serrano, A. I. and Sun, Qiushuo and Bishop, Elizabeth G. and Griffiths, Elliott R. and Purssell, Christopher P. and Leigh, Simon J. and Lloyd-Hughes, J. and Pickwell-MacPherson, Emma},
    number = {8},
    pages = {11635},
    volume = {27},
    doi = {10.1364/oe.27.011635},
    issn = {1094-4087},
    pmid = {31053006}
}

@article{Herrera-Fernandez2015DesignRange,
    title = {{Design of superachromatic quarter-wave retarders in a broad spectral range}},
    year = {2015},
    journal = {Applied optics},
    author = {Herrera-Fernandez, Jose Maria and Vilas, Jose Luis and Sanchez-Brea, Luis Miguel and Bernabeu, Eusebio},
    number = {33},
    pages = {9758--9762},
    volume = {54},
    doi = {10.1364/AO.54.009758},
    issn = {15394522},
    pmid = {26836534}
}

@book{Stabo-eeg2009DevelopmentInstrumentation,
    title = {{Development of instrumentation}},
    year = {2009},
    author = {Stabo-eeg, Frantz},
    isbn = {9788247114322}
}

@article{Khan2001DielectricChpt2,
    title = {{Dielectric Slab Optical Waveguides Thesis Chpt2}},
    year = {2001},
    author = {Khan, Muhammad Ajmal}
}

@article{Lohani2019DispersionLearning,
    title = {{Dispersion Characterization and Pulse Prediction with Machine Learning}},
    year = {2019},
    author = {Lohani, Sanjaya and Knutson, Erin M. and Zhang, Wenlei and Glasser, Ryan T.},
    month = {9},
    url = {http://arxiv.org/abs/1909.02526},
    arxivId = {1909.02526}
}

@article{Handbook1989EleCtriCalPercent,
    title = {{eleCtriCal ConduCtiVity of aqueous solutions Electrical Conductivity {$\kappa$} in mS/cm for the Indicated Concentration in Mass Percent}},
    year = {1989},
    journal = {A . V},
    author = {Handbook, Crc and {Chemistry} and {Physics} and {Edition} and Weast, R C and {Ed}},
    number = {2},
    publisher = {Harper and Row}
}

@article{Rytov1956ElectromagneticMedium,
    title = {{Electromagnetic properties of a finely stratified medium}},
    year = {1956},
    journal = {Soviet Physics JETP},
    author = {Rytov, S. M.},
    number = {3},
    pages = {446--475},
    volume = {2},
    isbn = {0038-5646},
    issn = {00811947}
}

@article{Soltani2014ErrorSpectroscopy,
    title = {{Error from delay drift in terahertz attenuated total reflection spectroscopy}},
    year = {2014},
    journal = {Journal of Infrared, Millimeter, and Terahertz Waves},
    author = {Soltani, A. and Probst, T. and Busch, S. F. and Schwerdtfeger, M. and Castro-Camus, E. and Koch, M.},
    isbn = {1866-6892},
    doi = {10.1007/s10762-014-0054-3},
    issn = {18666906},
    keywords = {Attenuated total reflection, Delay shift, Error, Uncertainty}
}

@article{Jin2012ExperimentalDetection,
    title = {{Experimental quantum error detection}},
    year = {2012},
    journal = {Scientific Reports},
    author = {Jin, Xian Min and Yi, Zhen Huan and Yang, Bin and Zhou, Fei and Yang, Tao and Peng, Cheng Zhi},
    pages = {1--6},
    volume = {2},
    doi = {10.1038/srep00626},
    issn = {20452322}
}

@article{DemtroderExperimental-2,
    title = {{Experimental- physik 2}},
    author = {Demtr{\"{o}}der, Wolfgang}
}

@book{Collett2009FieldPolarization,
    title = {{Field Guide to Polarization}},
    year = {2009},
    booktitle = {Field Guide to Polarization},
    author = {Collett, Edward},
    isbn = {0819458686},
    doi = {10.1117/3.626141}
}

@article{VinaykumarBoini2015FinalMTPreportPhase1,
    title = {{finalMTPreportPhase1}},
    year = {2015},
    author = {{Vinay kumar Boini}},
    doi = {10.13140}
}

@phdthesis{Hu2008FLUIDCAPACITOR,
    title = {{FLUID COKE DERIVED ACTIVATED CARBON AS ELECTRODE MATERIAL FOR ELECTROCHEMICAL DOUBLE LAYER CAPACITOR}},
    year = {2008},
    author = {Hu, Chijuan},
    pages = {127},
    school = {Department of Chemical Engineering and Applied Chemistry University of Toronto}
}

@article{Hayman2012GeneralMatrices,
    title = {{General description of polarization in lidar using Stokes vectors and polar decomposition of Mueller matrices}},
    year = {2012},
    journal = {Journal of the Optical Society of America A},
    author = {Hayman, Matthew and Thayer, Jeffrey P.},
    number = {4},
    pages = {400},
    volume = {29},
    doi = {10.1364/josaa.29.000400},
    issn = {1084-7529}
}

@article{Liu2018GenerativeMetasurfaces,
    title = {{Generative Model for the Inverse Design of Metasurfaces}},
    year = {2018},
    journal = {Nano Letters},
    author = {Liu, Zhaocheng and Zhu, Dayu and Rodrigues, Sean P. and Lee, Kyu Tae and Cai, Wenshan},
    number = {10},
    month = {10},
    pages = {6570--6576},
    volume = {18},
    publisher = {American Chemical Society},
    doi = {10.1021/acs.nanolett.8b03171},
    issn = {15306992},
    keywords = {Metasurface, inverse design, nanophotonics, neural networks}
}

@article{Lopez-Mago2017GeometricMatrices,
    title = {{Geometric phase morphology of Jones matrices}},
    year = {2017},
    journal = {Optics Letters},
    author = {Lopez-Mago, Dorilian and Canales-Benavides, Arturo and Hernandez-Aranda, Raul I. and Guti{\'{e}}rrez-Vega, Julio C.},
    number = {14},
    pages = {2667},
    volume = {42},
    doi = {10.1364/ol.42.002667},
    issn = {0146-9592},
    pmid = {28708139}
}

@article{Lopez-Mago2017GeometricMatricesb,
    title = {{Geometric phase morphology of Jones matrices}},
    year = {2017},
    journal = {Optics Letters},
    author = {Lopez-Mago, Dorilian and Canales-Benavides, Arturo and Hernandez-Aranda, Raul I. and Guti{\'{e}}rrez-Vega, Julio C.},
    number = {14},
    pages = {2667},
    volume = {42},
    doi = {10.1364/ol.42.002667},
    issn = {0146-9592},
    pmid = {28708139}
}

@article{Berry1996GeometricPlates,
    title = {{Geometric phases from stacks of crystal plates}},
    year = {1996},
    journal = {Journal of Modern Optics},
    author = {Berry, M. V. and Klein, S.},
    number = {1},
    pages = {165--180},
    volume = {43},
    doi = {10.1080/09500349608232731},
    issn = {13623044}
}

@article{Wales1997GlobalAtoms,
    title = {{Global optimization by basin-hopping and the lowest energy structures of Lennard-Jones clusters containing up to 110 atoms}},
    year = {1997},
    journal = {Journal of Physical Chemistry A},
    author = {Wales, David J. and Doye, Jonathan P.K.},
    number = {28},
    pages = {5111--5116},
    volume = {101},
    doi = {10.1021/jp970984n},
    issn = {10895639},
    arxivId = {cond-mat/9803344}
}

@article{Fernandez-Pousa2000GraphicalDevices,
    title = {{Graphical representation of non-absorbing polarization devices}},
    year = {2000},
    journal = {Optics Communications},
    author = {Fern{\'{a}}ndez-Pousa, Carlos R. and Moreno, Ignacio and Bennis, Noureddine and G{\'{o}}mez-Reino, Carlos and Ferreira, Carlos},
    number = {5},
    pages = {347--356},
    volume = {183},
    doi = {10.1016/S0030-4018(00)00900-7},
    issn = {00304018},
    keywords = {anisotropic media {\v{z}} crystal, birefringence, liquid-crystal devices, optics, polarization, polarization-sensitive devices, spatial}
}

@article{Ornik2018HighPlates,
    title = {{High quality terahertz glass wave plates}},
    year = {2018},
    journal = {Optics Express},
    author = {Ornik, Jan and Gomell, Leonie and Busch, Stefan F. and Hermans, Martin and Koch, Martin},
    number = {25},
    pages = {32631},
    volume = {26},
    doi = {10.1364/oe.26.032631},
    issn = {1094-4087},
    pmid = {30645426}
}

@article{Ivanov2012HighlyRetarders,
    title = {{Highly efficient broadband conversion of light polarization by composite retarders}},
    year = {2012},
    journal = {Journal of the Optical Society of America A},
    author = {Ivanov, Svetoslav S. and Rangelov, Andon A. and Vitanov, Nikolay V. and Peters, Thorsten and Halfmann, Thomas},
    number = {3},
    pages = {265},
    volume = {29},
    doi = {10.1364/josaa.29.000265},
    issn = {1084-7529}
}

@article{OShea2001HighlyMeasurement,
    title = {{Highly simplified device for ultrashort-pulse measurement}},
    year = {2001},
    journal = {Optics Letters},
    author = {O’Shea, Patrick and Kimmel, Mark and Gu, Xun and Trebino, Rick},
    number = {12},
    month = {6},
    pages = {932},
    volume = {26},
    publisher = {Optical Society of America},
    url = {https://www.osapublishing.org/abstract.cfm?URI=ol-26-12-932},
    doi = {10.1364/OL.26.000932},
    issn = {0146-9592},
    keywords = {CCD cameras, Cylindrical lenses, Laser diagnostics, Laser light, Optical elements, Temporal resolution}
}

@article{Lu1994HomogeneousMatrices,
    title = {{Homogeneous and inhomogeneous Jones matrices}},
    year = {1994},
    journal = {Journal of the Optical Society of America A},
    author = {Lu, Shih-Yau and Chipman, Russell A.},
    number = {2},
    pages = {766},
    volume = {11},
    doi = {10.1364/josaa.11.000766},
    issn = {1084-7529}
}

@article{Algebra1948II,
    title = {{i i}},
    year = {1948},
    author = {Algebra, Generalized Optical and Analysis, Statistical Harmonic},
    number = {70},
    pages = {131--139}
}

@book{Barsoukov2005ImpedanceApplications,
    title = {{Impedance Spectroscopy Theory, Experiment, and Applications}},
    year = {2005},
    author = {Barsoukov, Evgenij and Macdonald, J. Ross},
    editor = {{Nikolaos Bonanos} and {Brian Conway} and {Donald Franceschetti} and {Albert Goossens} and {E.P. Butler} and {William B. Johnson} and {Digby Macdonald}},
    edition = {2},
    pages = {606},
    publisher = {John Wiley {\&} Sons, Inc.},
    address = {Hoboken},
    isbn = {0-471-64749-7},
    doi = {10.1002/0471716243.fmatter}
}

@article{Ende1993Impedanzspektroskopie,
    title = {{Impedanzspektroskopie}},
    year = {1993},
    journal = {Chemie in unserer Zeit},
    author = {Ende, Dietmar and Mangold, Klaus-Michael},
    isbn = {1521-3781},
    doi = {10.1002/ciuz.19930270305},
    issn = {0009-2851}
}

@article{WilliamsonIntroductionWaveplates,
    title = {{Introduction To Waveplates}},
    author = {Williamson, Ray and {Tower Optical Corporation}},
    isbn = {0415183723}
}

@article{IsThe,
    title = {{is a constant angle representing the initial or reference phase, n is the refractive index of the medium, and c is the speed of light. The polarization state (orientation of the electric vector) of the wave is determined by the relative magnitudes of the }},
    pages = {1--4}
}

@article{Caputo2010JonesMaterials,
    title = {{Jones matrix analysis of dichroic phase retarders realized in soft matter composite materials}},
    year = {2010},
    journal = {Optics Express},
    author = {Caputo, Roberto and Trebisacce, Ivan and De Sio, Luciano and Umeton, Cesare},
    number = {6},
    pages = {5776},
    volume = {18},
    doi = {10.1364/oe.18.005776},
    issn = {1094-4087},
    pmid = {20389594}
}

@article{Jiao2002Jones-matrixTomography,
    title = {{Jones-matrix imaging of biological tissues with quadruple-channel optical coherence tomography}},
    year = {2002},
    journal = {Journal of Biomedical Optics},
    author = {Jiao, Shuliang and Wang, Lihong V.},
    number = {3},
    pages = {350},
    volume = {7},
    doi = {10.1117/1.1483878},
    issn = {10833668},
    pmid = {12175284},
    keywords = {1, 12, 2001, 2002, 29, accepted for publication apr, biological, dec, jones matrix, mueller matrix, optical coherence tomography, paper jbo tp-12 received, polarization, revised manuscript received mar, soft tissue, tissue}
}

@book{Demtroder2011Laserspektroskopie1,
    title = {{Laserspektroskopie 1}},
    year = {2011},
    author = {Demtr{\"{o}}der, Wolfgang},
    edition = {6},
    pages = {300},
    publisher = {Springer Berlin Heidelberg},
    url = {http://link.springer.com/10.1007/978-3-642-21306-9},
    isbn = {978-3-642-21306-9},
    doi = {10.1007/978-3-642-21306-9}
}

@book{Demtroder2007LaserspektroskopieTechniken,
    title = {{Laserspektroskopie : Grundlagen und Techniken}},
    year = {2007},
    author = {Demtröder, Wolfgang},
    edition = {5},
    pages = {XVI, 726},
    publisher = {Springer-Verlag Berlin Heidelberg},
    url = {https://www.springer.com/de/book/9783540337935},
    isbn = {978-3-540-33793-5},
    doi = {10.1007/978-3-540-33793-5}
}

@article{Lecture:,
    title = {{Lecture 2 : Propagation in anisotropic media • Linear anisotropic media • Characteristic surfaces : For more details about the calculations in these lectures :}}
}

@article{HausLimitsFields,
    title = {{Limits to Statics and Quasistatics • Limits to Statics • Limits to Quasistatics Electric Fields}},
    author = {Haus, Reading and Ch, Melcher}
}

@article{Hsieh2019Liquid-crystal-basedPlate,
    title = {{Liquid-crystal-based magnetically tunable terahertz achromatic quarter-wave plate}},
    year = {2019},
    journal = {Optics Express},
    author = {Hsieh, Cho-Fan and Yang, Chan-Shan and Shih, Fang-Cih and Pan, Ru-Pin and Pan, Ci-Ling},
    number = {7},
    pages = {9933},
    volume = {27},
    doi = {10.1364/oe.27.009933},
    issn = {1094-4087},
    pmid = {31045140}
}

@article{Whiteson2009MachinePhysics,
    title = {{Machine learning for event selection in high energy physics}},
    year = {2009},
    journal = {Engineering Applications of Artificial Intelligence},
    author = {Whiteson, Shimon and Whiteson, Daniel},
    number = {8},
    month = {12},
    pages = {1203--1217},
    volume = {22},
    doi = {10.1016/j.engappai.2009.05.004},
    issn = {09521976},
    keywords = {Event selection, Evolutionary computation, High energy physics, Machine learning, Neural networks}
}

@techreport{Trebino1997MeasuringGating,
    title = {{Measuring ultrashort laser pulses in the time-frequency domain using frequency-resolved optical gating}},
    year = {1997},
    author = {Trebino, Rick and Delong, Kenneth W and Fittinghoff, David N and Sweetser, John N and Krumb{\"{u}}, Marco A and Richman, Bruce A and Kane, Daniel J},
    pages = {3277--3295},
    url = {https://doi.org/10.1063/1.1148286},
    doi = {10.1063/1.1148286}
}

@article{KirbyMICRO-ANDDEVICES,
    title = {{MICRO-AND NANOSCALE FLUID MECHANICS: TRANSPORT IN MICROFLUIDIC DEVICES}},
    author = {Kirby, Brian J}
}

@misc{StanfordResearchSystens2011MODELAmplifier,
    title = {{MODEL SR830 DSP Lock-In Amplifier}},
    year = {2011},
    author = {{Stanford Research Systens}},
    pages = {178},
    address = {Sunnyvale, California}
}

@article{Keicher2018ModelCMS,
    title = {{Model Stability Studies in a Search for ttH Production in the H → bb Channel at CMS}},
    year = {2018},
    author = {Keicher, Philip and Keicher, Philip}
}

@article{Shell2012MonteCarlo,
    title = {{Monte Carlo methods Simple example of canonical Monte Carlo}},
    year = {2012},
    journal = {Independent},
    author = {Shell, M. S.},
    pages = {1--19}
}

@article{Matrices2019MuellerHttps://www.fiberoptics4sale.com/blogs/wave-optics/104730310-muelle...,
    title = {{Mueller Matrices for Polarizing Elements – Fosco Connect https://www.fiberoptics4sale.com/blogs/wave-optics/104730310-muelle...}},
    year = {2019},
    author = {Matrices, Mueller and Elements, Polarizing and Connect, Fosco},
    pages = {1--15}
}

@article{Manhas2006MuellerGeometry,
    title = {{Mueller matrix approach for determination of optical rotation in chiral turbid media in backscattering geometry}},
    year = {2006},
    journal = {Optics Express},
    author = {Manhas, S. and Swami, M. K. and Buddhiwant, P. and Ghosh, N. and Gupta, P. K. and Singh, J.},
    number = {1},
    pages = {190},
    volume = {14},
    doi = {10.1364/opex.14.000190},
    issn = {10944087}
}

@article{Collett1971Mueller-StokesEquations,
    title = {{Mueller-Stokes Matrix Formulation of Fresnel's Equations}},
    year = {1971},
    journal = {American Journal of Physics},
    author = {Collett, Edward},
    number = {5},
    pages = {517--528},
    volume = {39},
    doi = {10.1119/1.1986205},
    issn = {0002-9505}
}

@article{Anderson1994NecessaryMatrix,
    title = {{Necessary and sufficient conditions for a Mueller matrix to be derivable from a Jones matrix}},
    year = {1994},
    journal = {Journal of the Optical Society of America A},
    author = {Anderson, Donald G. M. and Barakat, Richard},
    number = {8},
    pages = {2305},
    volume = {11},
    doi = {10.1364/josaa.11.002305},
    issn = {1084-7529}
}

@article{NationalInstruments2016NI6251Specs,
    title = {{NI6251 specs}},
    year = {2016},
    author = {{National Instruments}}
}

@book{No,
    title = {{No Titleالأنا والآخر ودورها في رسم وتحديد العلاقة بين الوطن العربي زالغرب}},
    author = {عماوي, د. اياد},
    isbn = {9780521880688}
}

@article{1387No,
    title = {{No Titleخلاصه مقالات رسانه تلویزیون و سکولاریسم}},
    year = {1387},
    url = {http://www.ghbook.ir/index.php?name=مجموعه مقالات دومین هم اندیشی سراسری رسانه تلویزیون و سکولاریسم&option=com_dbook&task=readonline&book_id=13629&page=108&chkhashk=03C706812F&Itemid=218&lang=fa&tmpl=component}
}

@incollection{DeYoreo2017NucleationSolutions,
    title = {{Nucleation Pathways in Electrolyte Solutions}},
    year = {2017},
    booktitle = {New Perspectives on Mineral Nucleation and Growth: From Solution Precursors to Solid Materials},
    author = {De Yoreo, James J. and Sommerdijk, Nico A J M. and Dove, Patricia M},
    editor = {Van Driessche, Alexander E.S. and Kellermeier, Matthias and Benning, Liane G. and Gebauer, Denis},
    pages = {1--24},
    publisher = {Springer International Publishing},
    url = {https://doi.org/10.1007/978-3-319-45669-0_1},
    address = {Cham},
    isbn = {978-3-319-45669-0},
    doi = {10.1007/978-3-319-45669-0{\_}1}
}

@article{Sear2007Nucleation:Suspensions,
    title = {{Nucleation: theory and applications to protein solutions and colloidal suspensions}},
    year = {2007},
    journal = {Journal of Physics: Condensed Matter},
    author = {Sear, Richard P},
    number = {3},
    month = {1},
    pages = {033101},
    volume = {19},
    url = {http://stacks.iop.org/0953-8984/19/i=3/a=033101?key=crossref.dc58db57e07ad4dd93b0f4ba3408cdec},
    doi = {10.1088/0953-8984/19/3/033101},
    issn = {0953-8984}
}

@article{Only.F,
    title = {{only. Note that conduction current in the source-free region is accounted for in the F}}
}

@article{Melendez-Montoya2019OpticalMatrices,
    title = {{Optical polarimetry based on geometric phase measurements: unitary Jones matrices}},
    year = {2019},
    author = {Melendez-Montoya, Israel and Gonzalez-Hernandez, Diana and De Luna-Pamanes, Alejandra and Lopez-Mago, Dorilian},
    pages = {1--15},
    url = {http://arxiv.org/abs/1908.03829},
    arxivId = {1908.03829}
}

@article{Busch2014OpticalOptics,
    title = {{Optical Properties of 3D Printable Plastics in the THz Regime and their Application for 3D Printed THz Optics}},
    year = {2014},
    journal = {Journal of Infrared, Millimeter, and Terahertz Waves},
    author = {Busch, S. F. and Weidenbach, M. and Fey, M. and Sch{\"{a}}fer, F. and Probst, T. and Koch, M.},
    number = {12},
    pages = {993--997},
    volume = {35},
    doi = {10.1007/s10762-014-0113-9},
    issn = {18666906}
}

@article{Vilas2013OptimalPlates,
    title = {{Optimal achromatic wave retarders using two birefringent wave plates}},
    year = {2013},
    journal = {Applied Optics},
    author = {Vilas, Jose Luis and Sanchez-Brea, Luis Miguel and Bernabeu, Eusebio},
    number = {9},
    pages = {1892--1896},
    volume = {52},
    doi = {10.1364/AO.52.001892},
    issn = {15394522}
}

@article{Gutierrez-Vega2011PancharatnamBerrySystems,
    title = {{Pancharatnam–Berry phase of optical systems}},
    year = {2011},
    journal = {Optics Letters},
    author = {Guti{\'{e}}rrez-Vega, Julio C.},
    number = {7},
    pages = {1143},
    volume = {36},
    doi = {10.1364/ol.36.001143},
    issn = {0146-9592},
    pmid = {21479010}
}

@article{Scherger2011PaperPlates,
    title = {{Paper terahertz wave plates}},
    year = {2011},
    journal = {Optics Express},
    author = {Scherger, Benedikt and Scheller, Maik and Vieweg, Nico and Cundiff, Steven T. and Koch, Martin},
    number = {25},
    pages = {24884},
    volume = {19},
    doi = {10.1364/oe.19.024884},
    issn = {1094-4087},
    pmid = {22273881}
}

@article{Scherger2011PaperPlatesb,
    title = {{Paper terahertz wave plates}},
    year = {2011},
    journal = {Optics Express},
    author = {Scherger, Benedikt and Scheller, Maik and Vieweg, Nico and Cundiff, Steven T. and Koch, Martin},
    number = {25},
    pages = {24884},
    volume = {19},
    doi = {10.1364/oe.19.024884},
    issn = {1094-4087},
    pmid = {22273881}
}

@article{Lahiri2017PartialDistinguishability,
    title = {{Partial polarization by quantum distinguishability}},
    year = {2017},
    journal = {Physical Review A},
    author = {Lahiri, Mayukh and Hochrainer, Armin and Lapkiewicz, Radek and Lemos, Gabriela Barreto and Zeilinger, Anton},
    number = {3},
    pages = {1--5},
    volume = {95},
    doi = {10.1103/PhysRevA.95.033816},
    issn = {24699934},
    arxivId = {1510.04192}
}

@article{Cantor2020PhysicalOptics,
    title = {{Physical Optics}},
    year = {2020},
    journal = {Companion to the History of Modern Science},
    author = {Cantor, G. N.},
    pages = {627--638},
    isbn = {9780819487971},
    doi = {10.4324/9781003070818-47},
    issn = {0277786X}
}

@article{Tabe2014PhysicsCrystals,
    title = {{Physics of liquid crystals}},
    year = {2014},
    journal = {The Liquid Crystal Display Story: 50 Years of Liquid Crystal R and D that Lead the Way to the Future},
    author = {Tabe, Yuka and Urayama, Kenji and Matsuyama, Akihiko and Yamamoto, Jun and Yoneya, Makoto},
    pages = {301--356},
    isbn = {9784431548591},
    doi = {10.1007/978-4-431-54859-1{\_}10}
}

@article{Deschamps1973PoincareFields,
    title = {{Poincar{\'{e}} Sphere Representation of Partially Polarized Fields}},
    year = {1973},
    journal = {IEEE Transactions on Antennas and Propagation},
    author = {Deschamps, Georges A. and Mast, P. Edward},
    number = {4},
    pages = {474--478},
    volume = {21},
    doi = {10.1109/TAP.1973.1140516},
    issn = {15582221}
}

@article{Wang2015Polarimetry,
    title = {{Polarimetry}},
    year = {2015},
    journal = {Handbook of Optical Metrology: Principles and Applications, Second Edition},
    author = {Wang, Baoliang Bob},
    pages = {627--675},
    isbn = {9781466573611},
    doi = {10.1201/b18328-25},
    issn = {0003-2700}
}

@article{Trippe2014PolarizationReview,
    title = {{Polarization and polarimetry: A review}},
    year = {2014},
    journal = {Journal of the Korean Astronomical Society},
    author = {Trippe, Sascha},
    number = {1},
    pages = {15--39},
    volume = {47},
    doi = {10.5303/JKAS.2014.47.1.15},
    issn = {12254614},
    arxivId = {1401.1911},
    keywords = {Methods: Polarimetric, Polarization, Radiation mechanisms: General}
}

@misc{DeFreitas1995PolarizationInterferometry,
    title = {{Polarization effects in heterodyne interferometry}},
    year = {1995},
    booktitle = {Journal of Modern Optics},
    author = {De Freitas, J. M. and Player, M. A.},
    number = {9},
    pages = {1875--1899},
    volume = {42},
    doi = {10.1080/09500349514551641},
    issn = {13623044}
}

@article{Moreno2001PolarizationDisplays,
    title = {{Polarization eigenvectors for reflective twisted nematic liquid crystal displays}},
    year = {2001},
    journal = {Optical Engineering},
    author = {Moreno, Ignacio},
    number = {10},
    pages = {2220},
    volume = {40},
    doi = {10.1117/1.1397765},
    issn = {0091-3286}
}

@article{Savenkov2007PolarizationStudy,
    title = {{polarization elements : a Jones-calculus study}},
    year = {2007},
    journal = {Applied Optics},
    author = {Savenkov, Sergey N and Sydoruk, Oleksiy I and Muttiah, Ranjan S},
    number = {27},
    pages = {6700--6709},
    volume = {46}
}

@article{Kwok1998PolarizationMatrix,
    title = {{Polarization Optics - Jones Matrix}},
    year = {1998},
    journal = {Current Liquid Crystal Display Technologies},
    author = {Kwok, H.S.}
}

@article{Sheng2019QuantitativeImaging,
    title = {{Quantitative analysis of 4 × 4 mueller matrix transformation parameters for biomedical imaging}},
    year = {2019},
    journal = {Photonics},
    author = {Sheng, Wei and Li, Weipeng and Qi, Ji and Liu, Teng and He, Honghui and Dong, Yang and Liu, Shaoxiong and Wu, Jian and Elson, Daniel S. and Ma, Hui},
    number = {1},
    pages = {1--14},
    volume = {6},
    doi = {10.3390/PHOTONICS6010034},
    issn = {23046732},
    keywords = {Biomedical imaging, Birefringence, Cylindrical scatterers, Mueller matrix, Quantitative criteria}
}

@article{Busch2016QuasioptischeTerahertz-Bauelemente,
    title = {{Quasioptische Terahertz-Bauelemente}},
    year = {2016},
    author = {Busch, Stefan},
    pages = {155},
    url = {https://hss-opus.ub.ruhr-uni-bochum.de/opus4/frontdoor/index/index/year/2016/docId/5081}
}

@article{Gil2016ReducedMatrix,
    title = {{Reduced form of a Mueller matrix}},
    year = {2016},
    journal = {Journal of Modern Optics},
    author = {Gil, José J. and Jos{\'{e}}, Ignacio San},
    number = {16},
    pages = {1579--1583},
    volume = {63},
    doi = {10.1080/09500340.2016.1162337},
    issn = {13623044},
    keywords = {Mueller matrices, Polarization}
}

@article{2004ReviewMaterials,
    title = {{Review The physical properties of composite materials}},
    year = {2004},
    pages = {1--37},
    volume = {11}
}

@article{MathlouthiRoleCrystallization,
    title = {{Role of water in sucrose crystallization}},
    author = {Mathlouthi, M and Genotelle, J},
    keywords = {Crystal growth, Crystallization, Hydration water, Hydrogen bonds, Nucleation}
}

@article{Liang2018Single-shotFocusing,
    title = {{Single-shot real-time femtosecond imaging of temporal focusing}},
    year = {2018},
    journal = {Light: Science {\&} Applications},
    author = {Liang, Jinyang and Zhu, Liren and Wang, Lihong V.},
    number = {1},
    month = {12},
    pages = {42},
    volume = {7},
    publisher = {Nature Publishing Group},
    url = {http://www.nature.com/articles/s41377-018-0044-7},
    doi = {10.1038/s41377-018-0044-7},
    issn = {2047-7538},
    keywords = {Imaging and sensing, Optical physics}
}

@article{Iaconis1998SpectralPulses,
    title = {{Spectral phase interferometry for direct electric-field reconstruction of ultrashort optical pulses}},
    year = {1998},
    journal = {Optics Letters},
    author = {Iaconis, C. and Walmsley, I. A.},
    number = {10},
    month = {5},
    pages = {792},
    volume = {23},
    publisher = {Optical Society of America},
    url = {https://www.osapublishing.org/abstract.cfm?URI=ol-23-10-792},
    doi = {10.1364/OL.23.000792},
    issn = {0146-9592},
    keywords = {Electric fields, Fourier transforms, Industrial optical metrology, Interferometry, Michelson interferometers, Spectral phase interferometry for direct field reconstruction}
}

@article{Shreiner2004StandardConductivity,
    title = {{Standard Reference Materials: Primary Standards and Standard Reference Materials for Electrolytic Conductivity}},
    year = {2004},
    journal = {NIST Special Publication},
    author = {Shreiner, R H and Pratt, K W},
    pages = {260--142}
}

@article{StudyStructures,
    title = {{Study of EM waves in Periodic Structures}},
    journal = {Evaluation},
    pages = {1--10}
}

@article{Stubling2015StudyingSpectroscopy,
    title = {{Studying the hydration shell behaviour for dierent solvents in aqueous solutions with THz ATR Spectroscopy}},
    year = {2015},
    author = {St{\"{u}}bling, Eva-Maria and Koch, Martin and Lenz, Peter}
}

@article{Tek_tds2000_programming_manual,
    title = {{tek{\_}tds2000{\_}programming{\_}manual}}
}

@article{Chen2013TerahertzCharacterization,
    title = {{Terahertz achromatic quarter wave plate: Design, fabrication, and characterization}},
    year = {2013},
    journal = {Optics Communications},
    author = {Chen, Zaichun and Gong, Yandong and Dong, Hui and Notake, Takashi and Minamide, Hiroaki},
    pages = {1--5},
    volume = {311},
    publisher = {Elsevier},
    url = {http://dx.doi.org/10.1016/j.optcom.2013.08.039},
    doi = {10.1016/j.optcom.2013.08.039},
    issn = {00304018},
    keywords = {Polarization, Spectroscopy, Terahertz, Wave plate}
}

@article{Masson2006TerahertzJean-Baptiste,
    title = {{Terahertz achromatic quarter-wave plate Jean-Baptiste}},
    year = {2006},
    journal = {Optics Letters},
    author = {Masson, Jean-baptiste and Gallot, Guilhem},
    number = {2},
    pages = {265--267},
    volume = {31},
    isbn = {6173240513}
}

@article{Scheller2010TerahertzBirefringence,
    title = {{Terahertz form birefringence}},
    year = {2010},
    journal = {Optics Express},
    author = {Scheller, Maik and J{\"{o}}rdens, Christian and Koch, Martin},
    number = {10},
    pages = {10137},
    volume = {18},
    doi = {10.1364/oe.18.010137},
    issn = {1094-4087},
    pmid = {20588868}
}

@article{Kaveev2013TerahertzSets,
    title = {{Terahertz polarization conversion with quartz waveplate sets}},
    year = {2013},
    journal = {Applied Optics},
    author = {Kaveev, Andrey K. and Kropotov, Grigory I. and Tsygankova, Ekaterina V. and Tzibizov, Ivan A. and Ganichev, Sergey D. and Danilov, Sergey N. and Olbrich, Peter and Zoth, Christina and Kaveeva, Elizaveta G. and Zhdanov, Alexander I. and Ivanov, Andrey A. and Deyanov, Ramil Z. and Redlich, Britta},
    number = {4},
    volume = {52},
    doi = {10.1364/AO.52.000B60},
    issn = {15394522}
}

@misc{Baxter2011TerahertzSpectroscopy,
    title = {{Terahertz spectroscopy}},
    year = {2011},
    booktitle = {Analytical Chemistry},
    author = {Baxter, Jason B. and Guglietta, Glenn W.},
    isbn = {978-0-8493-7525-5},
    doi = {10.1021/ac200907z},
    issn = {00032700},
    pmid = {21534575}
}

@article{Jepsen2011TerahertzApplications,
    title = {{Terahertz spectroscopy and imaging - Modern techniques and applications}},
    year = {2011},
    journal = {Laser and Photonics Reviews},
    author = {Jepsen, P. U. and Cooke, D. G. and Koch, M.},
    isbn = {1863-8880},
    doi = {10.1002/lpor.201000011},
    issn = {18638880},
    pmid = {1647},
    keywords = {Imaging, Spectroscopy, Terahertz, Ultrafast.}
}

@article{2020TestSkorodumovs,
    title = {{Test of CPT theorem invariance via mass difference of {$\Omega$}-hyperons Georgijs Skorodumovs}},
    year = {2020}
}

@article{Brug1984TheElement,
    title = {{The analysis of electrode impedances complicated by the presence of a constant phase element}},
    year = {1984},
    journal = {Journal of Electroanalytical Chemistry},
    author = {Brug, G. J. and van den Eeden, A. L.G. and Sluyters-Rehbach, M. and Sluyters, J. H.},
    isbn = {0022-0728},
    doi = {10.1016/S0022-0728(84)80324-1},
    issn = {00220728}
}

@article{Dalman1937TheWater,
    title = {{The Solubility of Citric and Tartaric Acids in Water}},
    year = {1937},
    author = {Dalman, Lawrence H}
}

@article{Favaro2016UnravellingInterface,
    title = {{Unravelling the electrochemical double layer by direct probing of the solid/liquid interface}},
    year = {2016},
    journal = {Nature Communications},
    author = {Favaro, Marco and Jeong, Beomgyun and Ross, Philip N. and Yano, Junko and Hussain, Zahid and Liu, Zhi and Crumlin, Ethan J.},
    isbn = {9781137332875},
    doi = {10.1038/ncomms12695},
    issn = {2041-1723},
    pmid = {1000090641},
    arxivId = {arXiv:1507.02142v2}
}

@article{Peters2012VariableRetarders,
    title = {{Variable ultrabroadband and narrowband composite polarization retarders}},
    year = {2012},
    journal = {Applied Optics},
    author = {Peters, Thorsten and Ivanov, Svetoslav S. and Englisch, Daniel and Rangelov, Andon A. and Vitanov, Nikolay V. and Halfmann, Thomas},
    number = {31},
    pages = {7466},
    volume = {51},
    doi = {10.1364/ao.51.007466},
    issn = {1559-128X},
    arxivId = {1211.4358}
}

@article{Hughes2019WaveNetwork,
    title = {{Wave Physics as an Analog Recurrent Neural Network}},
    year = {2019},
    author = {Hughes, Tyler W. and Williamson, Ian A. D. and Minkov, Momchil and Fan, Shanhui},
    month = {4},
    url = {http://arxiv.org/abs/1904.12831},
    arxivId = {1904.12831}
}

@article{WaveApproach,
    title = {{Wave Propagation in a Stratified Medium : The Thin-Film Approach}},
    pages = {271--327}
}

@article{StackOverflow2008WhatUseful,
    title = {{What is reflection, and why is it useful?}},
    year = {2008},
    author = {{Stack Overflow}},
    pages = {2009},
    url = {http://stackoverflow.com/questions/37628/what-is-reflection-and-why-is-it-useful}
}